@book{townsend,
   title =     {A Modern Approach to Quantum Mechanics},
   author =    {John Townsend},
   publisher = {University Science Books},
   isbn =      {1891389130,9781891389139},
   year =      {2000},
   series =    {},
   edition =   {2nd},
   volume =    {},
   url =       {}
}